@inproceedings{zhou2011discovering,
  title={Discovering interesting sub-paths in spatiotemporal datasets: A summary of results},
  author={\textbf{Zhou}, \textbf{Xun} and Shekhar, Shashi and Mohan, Pradeep and Liess, Stefan and Snyder, Peter K},
  booktitle={Proceedings of the 19th ACM SIGSPATIAL international conference on advances in geographic information systems},
  pages={44--53},
  year={2011}
}

@article{zhou2010evacuation,
  title={Evacuation planning: A spatial network database approach},
  author={\textbf{Zhou}, \textbf{Xun} and George, Betsy and Kim, Sangho and Wolff, Jeffrey MR and Lu, Qingsong and Shekhar, Shashi and Nashua, O and Team, G},
  journal={Department of Computer Science and Engineering, University of Minnesota, Minneapolis, IEEE Data (base) Engineering Bulletin-DEBU},
  volume={33},
  number={2},
  pages={26--31},
  year={2010}
}

@article{mohan2012quantifying,
  title={Quantifying Resolution Sensitivity of Spatial Autocorrelation: A Resolution Correlogram Approach},
  author={Mohan, Pradeep and \textbf{Zhou}, \textbf{Xun} and Shekhar, Shashi},
  journal={Geographic Information Science},
  pages={132--145},
  year={2012},
  publisher={Springer}
}

@article{sarwat2011fast,
  title={FAST: a generic framework for flash-aware spatial trees},
  author={Sarwat, Mohamed and Mokbel, Mohamed and \textbf{Zhou}, \textbf{Xun} and Nath, Suman},
  journal={Advances in Spatial and Temporal Databases},
  pages={149--167},
  year={2011},
  publisher={Springer}
}

@inproceedings{zhou2007lifetime,
  title={Lifetime Optimized Methods of Correlated Data Gathering on Sensor Networks},
  author={\textbf{Zhou}, \textbf{Xun} and Shi, Shengfei and Luo, Jizhou and Zhang, Wei},
  booktitle={Eighth ACIS International Conference on Software Engineering, Artificial Intelligence, Networking, and Parallel/Distributed Computing (SNPD 2007)},
  volume={2},
  pages={3--8},
  year={2007},
  organization={IEEE}
}

@article{shekhar2012experiences,
  title={Experiences with evacuation route planning algorithms},
  author={Shekhar, Shashi and Yang, KwangSoo and Gunturi, Venkata MV and Manikonda, Lydia and Oliver, Dev and \textbf{Zhou}, \textbf{Xun} and George, Betsy and Kim, Sangho and Wolff, Jeffrey MR and Lu, Qingsong},
  journal={International Journal of Geographical Information Science},
  volume={26},
  number={12},
  pages={2253--2265},
  year={2012},
  publisher={Taylor \& Francis}
}

@article{sarwat2012generic,
  title={Generic and efficient framework for search trees on flash memory storage systems},
  author={Sarwat, Mohamed and Mokbel, Mohamed F and \textbf{Zhou}, \textbf{Xun} and Nath, Suman},
  journal={GeoInformatica},
  pages={1--32},
  year={2012},
  publisher={Springer}
}

@article{shekhar2012crime,
  title={Crime pattern analysis: A spatial frequent pattern mining approach},
  author={Shekhar, Shashi and Mohan, Pradeep and Oliver, Dev and \textbf{Zhou}, \textbf{Xun}},
  year={2012}
}

@article{oliver2013space,
  title={Space-Time Big Data: An Analytics Perspective},
  author={Oliver, Dev and Evans, Michael R and \textbf{Zhou}, \textbf{Xun} and Jiang, Zhe and Shekhar, Shashi},
  journal={International Journal of Geographical Information Science Stbd International Journal of Geographical Information Science Month},
  pages={1--18},
  year={2013}
}

@inproceedings{zhou2013discovering,
  title={Discovering persistent change windows in spatiotemporal datasets: A summary of results},
  author={\textbf{Zhou}, \textbf{Xun} and Shekhar, Shashi and Oliver, Dev},
  booktitle={Proceedings of the 2nd ACM SIGSPATIAL International Workshop on analytics for big geospatial data},
  pages={37--46},
  year={2013}
}

@inproceedings{prasad2013gpgpu,
  title={GPGPU-accelerated interesting interval discovery and other computations on geospatial datasets: A summary of results},
  author={Prasad, Sushil K and Shekhar, Shashi and McDermott, Michael and \textbf{Zhou}, \textbf{Xun} and Evans, Michael and Puri, Satish},
  booktitle={Proceedings of the 2nd ACM SIGSPATIAL International Workshop on Analytics for Big Geospatial Data},
  pages={65--72},
  year={2013}
}

@article{zhou2014spatiotemporal,
  title={Spatiotemporal change footprint pattern discovery: an inter-disciplinary survey},
  author={\textbf{Zhou}, \textbf{Xun} and Shekhar, Shashi and Ali, Reem Y},
  journal={Wiley Interdisciplinary Reviews: Data Mining and Knowledge Discovery},
  volume={4},
  number={1},
  pages={1--23},
  year={2014},
  publisher={Wiley Periodicals, Inc Hoboken, USA}
}

@inproceedings{jiang2013focal,
  title={Focal-test-based spatial decision tree learning: A summary of results},
  author={Jiang, Zhe and Shekhar, Shashi and \textbf{Zhou}, \textbf{Xun} and Knight, Joseph and Corcoran, Jennifer},
  booktitle={2013 IEEE 13th International Conference on Data Mining},
  pages={320--329},
  year={2013},
  organization={IEEE}
}

@inproceedings{oliver2014significant,
  title={Significant route discovery: A summary of results},
  author={Oliver, Dev and Shekhar, Shashi and \textbf{Zhou}, \textbf{Xun} and Eftelioglu, Emre and Evans, Michael R and Zhuang, Qiaodi and Kang, James M and Laubscher, Renee and Farah, Christopher},
  booktitle={Geographic Information Science: 8th International Conference, GIScience 2014, Vienna, Austria, September 24-26, 2014. Proceedings 8},
  pages={284--300},
  year={2014},
  organization={Springer International Publishing}
}

@incollection{zhou2014spatiotemporal,
  title={Spatiotemporal change pattern mining: A multi-disciplinary perspective},
  author={\textbf{Zhou}, \textbf{Xun} and Shekhar, Shashi and Mohan, Pradeep},
  booktitle={Space-Time Integration in Geography and GIScience: Research Frontiers in the US and China},
  pages={301--326},
  year={2014},
  publisher={Springer Netherlands Dordrecht}
}

@article{evans2014spatial,
  title={Spatial big data},
  author={Evans, Michael R and Oliver, Dev and \textbf{Zhou}, \textbf{Xun} and Shekhar, Shashi},
  journal={Big Data: Techniques and Technologies in Geoinformatics},
  pages={149},
  year={2014},
  publisher={Taylor \& Francis Group}
}

@article{周逊2010不确定数据上两种查询的分布式聚集算法,
  title={不确定数据上两种查询的分布式聚集算法},
  author={周逊 and 李建中 and 石胜飞},
  journal={计算机研究与发展},
  number={5},
  pages={762--771},
  year={2010}
}

@inproceedings{eftelioglu2014ring,
  title={Ring-shaped hotspot detection: A summary of results},
  author={Eftelioglu, Emre and Shekhar, Shashi and Oliver, Dev and \textbf{Zhou}, \textbf{Xun} and Evans, Michael R and Xie, Yiqun and Kang, James M and Laubscher, Renee and Farah, Christopher},
  booktitle={2014 IEEE International Conference on Data Mining},
  pages={815--820},
  year={2014},
  organization={IEEE}
}

@article{jiang2014focal,
  title={Focal-test-based spatial decision tree learning},
  author={Jiang, Zhe and Shekhar, Shashi and \textbf{Zhou}, \textbf{Xun} and Knight, Joseph and Corcoran, Jennifer},
  journal={IEEE Transactions on Knowledge and Data Engineering},
  volume={27},
  number={6},
  pages={1547--1559},
  year={2014},
  publisher={IEEE}
}

@article{prasad2015vision,
  title={A vision for GPU-accelerated parallel computation on geo-spatial datasets},
  author={Prasad, Sushil K and McDermott, Michael and Puri, Satish and Shah, Dhara and Aghajarian, Danial and Shekhar, Shashi and \textbf{Zhou}, \textbf{Xun}},
  journal={SIGSPATIAL Special},
  volume={6},
  number={3},
  pages={19--26},
  year={2015},
  publisher={ACM}
}

@article{evans2019enabling,
  title={Enabling spatial big data via CyberGIS: Challenges and opportunities},
  author={Evans, Michael R and Oliver, Dev and Yang, KwangSoo and \textbf{Zhou}, \textbf{Xun} and Ali, Reem Y and Shekhar, Shashi},
  journal={CyberGIS for geospatial discovery and innovation},
  pages={143--170},
  year={2019},
  publisher={Springer Netherlands}
}

@article{shekhar2015spatiotemporal,
  title={Spatiotemporal data mining: A computational perspective},
  author={Shekhar, Shashi and Jiang, Zhe and Ali, Reem Y and Eftelioglu, Emre and Tang, Xun and Gunturi, Venkata MV and \textbf{Zhou}, \textbf{Xun}},
  journal={ISPRS International Journal of Geo-Information},
  volume={4},
  number={4},
  pages={2306--2338},
  year={2015},
  publisher={Mdpi}
}

@article{tamerius2016precipitation,
  title={Precipitation effects on motor vehicle crashes vary by space, time, and environmental conditions},
  author={Tamerius, JD and Zhou, X and Mantilla, R and Greenfield-Huitt, T},
  journal={Weather, Climate, and Society},
  volume={8},
  number={4},
  pages={399--407},
  year={2016},
  publisher={American Meteorological Society}
}

@article{zhou2014spatiotemporal,
  title={Spatiotemporal Big Data Analytics: Change Footprint Pattern Discovery},
  author={\textbf{Zhou}, \textbf{Xun}},
  year={2014}
}

@inproceedings{zhou2016traffic,
  title={A Traffic Flow Approach to Early Detection of Gathering Events},
  author={\textbf{Zhou}, \textbf{Xun} and Vahedian$^\dagger$, Amin and Liu, Alex and Shafiq, Zubair and Zhang, Fan},
  booktitle={24th ACM SIGSPATIAL International Conference on Advances in Geographic Information Systems (SIGSPATIAL GIS'16)},
  year={2016},
  organization={ACM}
}

@article{shekharvision,
  title={A Vision for GPU-accelerated Parallel Computation on Geo-Spatial Datasets},
  author={Shekhar, Shashi and \textbf{Zhou}, \textbf{Xun}}
}

@inproceedings{prasad2013gpgpu,
  title={GPGPU-based data structures and algorithms for geospatial computation a summary of results and future roadmap. Position paper},
  author={Prasad, Sushil K and Shekhar, Shashi and He, Xi and Puri, Satish and McDermott, Michael and \textbf{Zhou}, \textbf{Xun} and Evans, Michael},
  booktitle={Proceedings of the all hands meeting of the NSF CyberGIS project Seattle},
  year={2013}
}

@article{khezerlou2017traffic,
  title={A traffic flow approach to early detection of gathering events: Comprehensive results},
  author={Khezerlou$^\dagger$, Amin Vahedian and \textbf{Zhou}, \textbf{Xun} and Li, Lufan and Shafiq, Zubair and Liu, Alex X and Zhang, Fan},
  journal={ACM Transactions on Intelligent Systems and Technology (TIST)},
  volume={8},
  number={6},
  pages={1--24},
  year={2017},
  publisher={ACM New York, NY, USA}
}

@inproceedings{lash2017learning,
  title={Learning rich geographical representations: Predicting colorectal cancer survival in the state of Iowa},
  author={Lash, Michael T and Sun, Yuqi and \textbf{Zhou}, \textbf{Xun} and Lynch, Charles F and Street, W Nick},
  booktitle={2017 IEEE International Conference on Bioinformatics and Biomedicine (BIBM)},
  pages={778--785},
  year={2017},
  organization={IEEE}
}

@article{zhu2018machine,
  title={A machine learning approach for air quality prediction: Model regularization and optimization},
  author={Zhu, Dixian and Cai, Changjie and Yang, Tianbao and \textbf{Zhou}, \textbf{Xun}},
  journal={Big data and cognitive computing},
  volume={2},
  number={1},
  pages={5},
  year={2018},
  publisher={MDPI}
}

@article{magdy20181st,
  title={1st ACM SIGSPATIAL Workshop on Analytics for Local Events and News (LENS 2017) Redondo Beach, California, USA-November 7, 2017},
  author={Magdy, Amr and \textbf{Zhou}, \textbf{Xun} and Huang, Yan},
  journal={SIGSPATIAL Special},
  volume={9},
  number={3},
  pages={28--29},
  year={2018},
  publisher={ACM New York, NY, USA}
}

@inproceedings{vahedian2017forecasting,
  title={Forecasting Gathering Events through Continuous Destination Prediction on Big Trajectory Data},
  author={Vahedian$^\dagger$, Amin and \textbf{Zhou}, \textbf{Xun} and Tong, Ling and Li, Yanhua and Luo, Jun},
  booktitle={25th ACM SIGSPATIAL International Conference on Advances in Geographic Information Systems},
  pages={34--1},
  year={2017}
}

@article{ding2018sampling,
  title={Sampling big trajectory data for traversal trajectory aggregate query},
  author={Ding$^\dagger$, Yichen and Li, Yanhua and \textbf{Zhou}, \textbf{Xun} and Huang, Zhuojie and You, Simin and Luo, Jun},
  journal={IEEE Transactions on Big Data},
  volume={5},
  number={4},
  pages={550--563},
  year={2018},
  publisher={IEEE}
}

@article{evans20108,
  title={8 Spatial Big Data},
  author={Evans, Michael R and Oliver, Dev and \textbf{Zhou}, \textbf{Xun} and Shekhar, Shashi},
  year={2010}
}

@article{lash2018deriving,
  title={Deriving enhanced geographical representations via similarity-based spectral analysis: predicting colorectal cancer survival curves in Iowa},
  author={Lash, Michael T and Zhang, Min and \textbf{Zhou}, \textbf{Xun} and Street, W Nick and Lynch, Charles F},
  journal={International Journal of Data Mining and Bioinformatics},
  volume={21},
  number={3},
  pages={183--211},
  year={2018},
  publisher={Inderscience Publishers (IEL)}
}

@inproceedings{xiong2018predicting,
  title={Predicting traffic congestion propagation patterns: A propagation graph approach},
  author={Xiong$^\dagger$, Haoyi and Vahedian$^\dagger$, Amin and \textbf{Zhou}, \textbf{Xun} and Li, Yanhua and Luo, Jun},
  booktitle={Proceedings of the 11th ACM SIGSPATIAL International Workshop on computational transportation science},
  pages={60--69},
  year={2018}
}

@article{zhou2018optimizing,
  title={Optimizing taxi driver profit efficiency: A spatial network-based markov decision process approach},
  author={\textbf{Zhou}, \textbf{Xun} and Rong, Huigui and Yang, Chang and Zhang, Qun and Khezerlou$^\dagger$, Amin Vahedian and Zheng, Hui and Shafiq, Zubair and Liu, Alex X},
  journal={IEEE Transactions on Big Data},
  volume={6},
  number={1},
  pages={145--158},
  year={2018},
  publisher={IEEE}
}

@article{zhu2018task,
  title={Task scheduling in deadline-aware mobile edge computing systems},
  author={Zhu, Tongxin and Shi, Tuo and Li, Jianzhong and Cai, Zhipeng and \textbf{Zhou}, \textbf{Xun}},
  journal={IEEE Internet of Things Journal},
  volume={6},
  number={3},
  pages={4854--4866},
  year={2018},
  publisher={IEEE}
}

@inproceedings{wang2018social,
  title={Social Support and User Churn Prediction for Online Health Communities -- A Trajectory-based Deep Learning Method},
  author={Wang, Xiangyu and Joshi, Apoorva and \textbf{Zhou}, \textbf{Xun} and Zhao, Kang},
  booktitle={28th Workshops on Information Technology and Systems (WITS)},
  year={2018}
}

@inproceedings{chiu2018understanding,
  title={Understanding Business Location Choice Pattern: A Co-Location Analysis on Urban POI Data},
  author={Chiu, Jeffrey and Vahedian$^\dagger$, Amin and \textbf{Zhou}, \textbf{Xun}},
  booktitle={2nd INFORMS Workshop on Data Science},
  year={2018}
}

@article{magdy20192nd,
  title={2nd ACM SIGSPATIAL workshop on analytics for local events and news (LENS 2018) seattle, washington, USA-November 6, 2018},
  author={Magdy, Amr and \textbf{Zhou}, \textbf{Xun} and Zhao, Liang and Huang, Yan},
  journal={SIGSPATIAL Special},
  volume={10},
  number={3},
  pages={21--22},
  year={2019},
  publisher={ACM}
}

@inproceedings{pan2019dissecting,
  title={Dissecting the Learning Curve of Taxi Drivers: A Data-Driven Approach},
  author={Pan$^+$, Menghai and Li, Yanhua and \textbf{Zhou}, \textbf{Xun} and Liu, Zhenming and Song, Rui and Liu, Hui and Luo, Jun},
  booktitle={SIAM International Conference on Data Mining (SDM'19)},
  year={2019}
}

@inproceedings{vahedian2019predicting,
  title={Predicting urban dispersal events: A two-stage framework through deep survival analysis on mobility data},
  author={Vahedian$^\dagger$, Amin and \textbf{Zhou}, \textbf{Xun} and Tong, Ling and Street, W Nick and Li, Yanhua},
  booktitle={Proceedings of the AAAI Conference on Artificial Intelligence},
  volume={33},
  number={01},
  pages={5199--5206},
  year={2019}
}

@article{khezerlou2019forecasting,
  title={Forecasting gathering events through trajectory destination prediction: A dynamic hybrid model},
  author={Khezerlou$^\dagger$, Amin Vahedian and \textbf{Zhou}, \textbf{Xun} and Tong, Ling and Li, Yanhua and Luo, Jun},
  journal={IEEE transactions on knowledge and data engineering},
  volume={33},
  number={3},
  pages={991--1004},
  year={2019},
  publisher={IEEE}
}

@inproceedings{zhang2019trafficgan,
  title={TrafficGAN: Off-Deployment Traffic Estimation with Traffic Generative Adversarial Networks},
  author={Zhang$^{+}$, Yingxue and Li, Yanhua and \textbf{Zhou}, \textbf{Xun} and Kong, Xiangnan and Luo, Jun},
  booktitle={IEEE International Conference on Data Mining},
  year={2019}
}

@inproceedings{yin2019deep,
  title={A deep learning based illegal parking detection platform},
  author={Yin, Zhengcong and Xiong$^\dagger$, Haoyi and \textbf{Zhou}, \textbf{Xun} and Goldberg, Daniel W and Bennett, Dave and Zhang, Chong},
  booktitle={Proceedings of the 3rd ACM SIGSPATIAL International Workshop on AI for Geographic Knowledge Discovery},
  pages={32--35},
  year={2019}
}

@inproceedings{ding2019deep,
  title={Deep Learning with Interaction Terms: An Experimental Exploration},
  author={Ding$^\dagger$, Yichen and \textbf{Zhou}, \textbf{Xun} and Pant, Gautam},
  booktitle={3rd INFORMS Workshop on Data Science},
  year={2019}
}

@inproceedings{vahedian2019motivated,
  title={Motivated or Exhausted: A Data-Driven Study of Taxi Driver Behavior Following Traffic Congestions},
  author={Vahedian$^\dagger$, Amin and Li, Xinyi and Xiong$^\dagger$, Haoyi and \textbf{Zhou}, \textbf{Xun} and Colbert, Amy E.},
  booktitle={3rd INFORMS Workshop on Data Science},
  year={2019}
}

@inproceedings{zhang2019unveiling,
  title={Unveiling taxi drivers' strategies via cgail: Conditional generative adversarial imitation learning},
  author={Zhang, Xin and Li, Yanhua and \textbf{Zhou}, \textbf{Xun} and Luo, Jun},
  booktitle={2019 IEEE International Conference on Data Mining (ICDM)},
  pages={1480--1485},
  year={2019},
  organization={IEEE}
}

@article{ding2019mining,
  title={Mining Spatio-temporal Reachable Regions With Multiple Sources over Massive Trajectory Data},
  author={Ding$^\dagger$, Yichen and \textbf{Zhou}, \textbf{Xun} and Wu, Guojun and Li, Yanhua and Bao, Jie and Zheng, Yu and Luo, Jun},
  journal={IEEE Transactions on Knowledge and Data Engineering},
  year={2019}
}

@article{pan2020dhpa,
  title={DHPA: Dynamic human preference analytics framework: A case study on taxi drivers’ learning curve analysis},
  author={Pan$^+$, Menghai and Huang, Weixiao and Li, Yanhua and \textbf{Zhou}, \textbf{Xun} and Liu, Zhenming and Song, Rui and Lu, Hui and Tian, Zhihong and Luo, Jun},
  journal={ACM Transactions on Intelligent Systems and Technology (TIST)},
  volume={11},
  number={1},
  pages={1--19},
  year={2020},
  publisher={ACM New York, NY, USA}
}

@inproceedings{yang2020inferring,
  title={Inferring passengers’ interactive choices on public transits via ma-al: Multi-agent apprenticeship learning},
  author={Yang, Mingzhou and Li, Yanhua and \textbf{Zhou}, \textbf{Xun} and Lu, Hui and Tian, Zhihong and Luo, Jun},
  booktitle={Proceedings of The Web Conference 2020},
  pages={1637--1647},
  year={2020}
}

@article{magdy2020guest,
  title={Guest Editorial: Special Issue on Analytics for Local Events and News},
  author={Magdy, Amr and \textbf{Zhou}, \textbf{Xun} and Neill, Daniel B},
  journal={GeoInformatica},
  volume={24},
  pages={267--268},
  year={2020},
  publisher={Springer US}
}

@article{wang2020predicting,
  title={Predicting user posting activities in online health communities with deep learning},
  author={Wang, Xiangyu and Zhao, Kang and \textbf{Zhou}, \textbf{Xun} and Street, Nick},
  journal={ACM Transactions on Management Information Systems (TMIS)},
  volume={11},
  number={3},
  pages={1--15},
  year={2020},
  publisher={ACM New York, NY, USA}
}

@inproceedings{pan2020xgail,
  title={xgail: Explainable generative adversarial imitation learning for explainable human decision analysis},
  author={Pan$^+$, Menghai and Huang, Weixiao and Li, Yanhua and \textbf{Zhou}, \textbf{Xun} and Luo, Jun},
  booktitle={Proceedings of the 26th ACM SIGKDD International Conference on Knowledge Discovery \& Data Mining},
  pages={1334--1343},
  year={2020}
}

@inproceedings{ren2020st,
  title={St-siamesenet: Spatio-temporal siamese networks for human mobility signature identification},
  author={Ren, Huimin and Pan$^+$, Menghai and Li, Yanhua and \textbf{Zhou}, \textbf{Xun} and Luo, Jun},
  booktitle={Proceedings of the 26th ACM SIGKDD International Conference on Knowledge Discovery \& Data Mining},
  pages={1306--1315},
  year={2020}
}

@inproceedings{zhang2020curb,
  title={Curb-gan: Conditional urban traffic estimation through spatio-temporal generative adversarial networks},
  author={Zhang$^{+}$, Yingxue and Li, Yanhua and \textbf{Zhou}, \textbf{Xun} and Kong, Xiangnan and Luo, Jun},
  booktitle={Proceedings of the 26th ACM SIGKDD International Conference on Knowledge Discovery \& Data Mining},
  pages={842--852},
  year={2020}
}

@article{zhang2020off,
  title={Off-deployment traffic estimation—A traffic generative adversarial networks approach},
  author={Zhang$^{+}$, Yingxue and Li, Yanhua and \textbf{Zhou}, \textbf{Xun} and Kong, Xiangnan and Luo, Jun},
  journal={IEEE transactions on big data},
  volume={8},
  number={4},
  pages={1084--1095},
  year={2020},
  publisher={IEEE}
}

@article{wang2020new,
  title={A new approach for measuring the resilience of transport infrastructure networks},
  author={Wang, Liang and Xue, Xiaolong and \textbf{Zhou}, \textbf{Xun}},
  journal={Complexity},
  volume={2020},
  pages={1--16},
  year={2020},
  publisher={Hindawi Limited}
}

@inproceedings{zhou2011finding,
  title={Finding Intervals of Abrupt Change in Earth Science Data},
  author={\textbf{Zhou}, \textbf{Xun} and Shekhar, Shashi and Liess, Stefan},
  booktitle={AGU Fall Meeting Abstracts},
  volume={2011},
  pages={NG51C--1667},
  year={2011}
}

@article{gao2020geoai,
  title={GeoAI 2019 workshop report: The 3nd ACM SIGSPATIAL International Workshop on GeoAI: AI for Geographic Knowledge Discovery: Seattle, WA, USA-November 5, 2019},
  author={Gao, Song and Newsam, Shawn and Zhao, Liang and Lunga, Dalton and Hu, Yingjie and Martins, Bruno and \textbf{Zhou}, \textbf{Xun} and Chen, Feng},
  journal={SIGSPATIAL Special},
  volume={11},
  number={3},
  pages={23--24},
  year={2020},
  publisher={ACM New York, NY, USA}
}

@inproceedings{bao2020covid,
  title={Covid-gan: Estimating human mobility responses to covid-19 pandemic through spatio-temporal conditional generative adversarial networks},
  author={Bao$^\dagger$, Han and \textbf{Zhou}, \textbf{Xun} and Zhang$^{+}$, Yingxue and Li, Yanhua and Xie, Yiqun},
  booktitle={Proceedings of the 28th international conference on advances in geographic information systems},
  pages={273--282},
  year={2020}
}

@inproceedings{pan2020reinforcement,
  title={Is reinforcement learning the choice of human learners? A case study of taxi drivers},
  author={Pan$^+$, Menghai and Huang, Weixiao and Li, Yanhua and \textbf{Zhou}, \textbf{Xun} and Liu, Zhenming and Bao, Jie and Zheng, Yu and Luo, Jun},
  booktitle={Proceedings of the 28th International Conference on Advances in Geographic Information Systems},
  pages={357--366},
  year={2020}
}

@inproceedings{ding2020cycling,
  title={Cycling-net: A deep learning approach to predicting cyclist behaviors from geo-referenced egocentric video data},
  author={Ding$^\dagger$, Yichen and \textbf{Zhou}, \textbf{Xun} and Bao$^\dagger$, Han and Li, Yanhua and Hamann, Cara and Spears, Steven and Yuan$^\dagger$, Zhuoning},
  booktitle={Proceedings of the 28th International Conference on Advances in Geographic Information Systems},
  pages={337--346},
  year={2020}
}

@inproceedings{yuan2018hetero,
  title={Hetero-convlstm: A deep learning approach to traffic accident prediction on heterogeneous spatio-temporal data},
  author={Yuan$^\dagger$, Zhuoning and \textbf{Zhou}, \textbf{Xun} and Yang, Tianbao},
  booktitle={Proceedings of the 24th ACM SIGKDD international conference on knowledge discovery \& data mining},
  pages={984--992},
  year={2018}
}

@article{xie2020discovering,
  title={Discovering interesting subpaths with statistical significance from spatiotemporal datasets},
  author={Xie, Yiqun and \textbf{Zhou}, \textbf{Xun} and Shekhar, Shashi},
  journal={ACM Transactions on Intelligent Systems and Technology (TIST)},
  volume={11},
  number={1},
  pages={1--24},
  year={2020},
  publisher={ACM New York, NY, USA}
}

@inproceedings{rong2016rich,
  title={The rich and the poor: A Markov decision process approach to optimizing taxi driver revenue efficiency},
  author={Rong, Huigui and \textbf{Zhou}, \textbf{Xun} and Yang, Chang and Shafiq, Zubair and Liu, Alex},
  booktitle={Proceedings of the 25th ACM International on Conference on Information and Knowledge Management},
  pages={2329--2334},
  year={2016}
}

@inproceedings{rong2020tesla,
  title={Tesla: A centralized taxi dispatching approach to optimizing revenue efficiency with global fairness},
  author={Rong, Huigui and Zhang, Qun and \textbf{Zhou}, \textbf{Xun} and Jiang, Hongbo and Cao, Da and Li, Keqin},
  booktitle={KDD Workshop on Urban Computing (UrbComp’20)},
  year={2020}
}

@article{zhang2020cgail,
  title={cgail: Conditional generative adversarial imitation learning—an application in taxi drivers’ strategy learning},
  author={Zhang, Xin and Li, Yanhua and \textbf{Zhou}, \textbf{Xun} and Luo, Jun},
  journal={IEEE transactions on big data},
  volume={8},
  number={5},
  pages={1288--1300},
  year={2020},
  publisher={IEEE}
}

@misc{shekhar2017encyclopedia,
  title={Encyclopedia of GIS, 2nd Edition},
  author={Shekhar, Shashi and Xiong, Hui and \textbf{Zhou}, \textbf{Xun}},
  year={2017}
}

@inproceedings{yuan2017predicting,
  title={Predicting traffic accidents through heterogeneous urban data: A case study},
  author={Yuan$^\dagger$, Zhuoning and \textbf{Zhou}, \textbf{Xun} and Yang, Tianbao and Tamerius, James and Mantilla, Ricardo},
  booktitle={Proceedings of the 6th International Workshop on Urban Computing (UrbComp 2017), Halifax, NS, Canada},
  volume={14},
  year={2017}
}

@article{zhang2018faster,
  title={Faster online learning of optimal threshold for consistent f-measure optimization},
  author={Zhang, Xiaoxuan and Liu, Mingrui and \textbf{Zhou}, \textbf{Xun} and Yang, Tianbao},
  journal={Advances in Neural Information Processing Systems},
  volume={31},
  year={2018}
}

@inproceedings{zhang2020trajgail,
  title={TrajGAIL: Trajectory Generative Adversarial Imitation Learning for Long-term Decision Analysis},
  author={Zhang, Xin and Li, Yanhua and \textbf{Zhou}, \textbf{Xun} and Zhang, Ziming and Luo, Jun},
  booktitle={IEEE International Conference on Data Mining},
  year={2020}
}

@inproceedings{zhang2020cst,
  title={cST-ML: Continuous Spatial-Temporal Meta-Learning for Traffic Dynamics Prediction},
  author={Zhang$^{+}$, Yingxue and Li, Yanhua and \textbf{Zhou}, \textbf{Xun} and Luo, Jun},
  booktitle={IEEE International Conference on Data Mining},
  year={2020}
}

@inproceedings{zhou2021deepspatial,
  title={DeepSpatial'21: 2nd International Workshop on Deep Learning for Spatiotemporal Data, Applications, and Systems},
  author={\textbf{Zhou}, \textbf{Xun} and Zhao, Liang and Jiang, Zhe and Stewart, Robert N and Shekhar, Shashi and Ye, Jieping},
  booktitle={Proceedings of the 27th ACM SIGKDD Conference on Knowledge Discovery \& Data Mining},
  pages={4183--4184},
  year={2021}
}

@article{khezerlou2021dilsa+,
  title={DILSA+: Predicting Urban Dispersal Events through Deep Survival Analysis with Enhanced Urban Features},
  author={Khezerlou$^\dagger$, Amin Vahedian and \textbf{Zhou}, \textbf{Xun} and Li, Xinyi and Street, W Nick and Li, Yanhua},
  journal={ACM Transactions on Intelligent Systems and Technology (TIST)},
  volume={12},
  number={4},
  pages={1--25},
  year={2021},
  publisher={ACM New York, NY}
}

@inproceedings{pan2021learning,
  title={Learning Decision Making Strategies of Non-experts: A NEXT-GAIL Model for Taxi Drivers},
  author={Pan$^+$, Menghai and Zhang, Xin and Li, Yanhua and \textbf{Zhou}, \textbf{Xun} and Luo, Jun},
  booktitle={Proceedings of the 29th International Conference on Advances in Geographic Information Systems},
  pages={149--158},
  year={2021}
}

@inproceedings{xie2021spatial,
  title={Spatial-net: a self-adaptive and model-agnostic deep learning framework for spatially heterogeneous datasets},
  author={Xie, Yiqun and Jia, Xiaowei and Bao$^\dagger$, Han and \textbf{Zhou}, \textbf{Xun} and Yu, Jia and Ghosh, Rahul and Ravirathinam, Praveen},
  booktitle={Proceedings of the 29th international conference on advances in geographic information systems},
  pages={313--323},
  year={2021}
}

@article{xie2021significant,
  title={Significant DBSCAN+: statistically robust density-based clustering},
  author={Xie, Yiqun and Jia, Xiaowei and Shekhar, Shashi and Bao$^\dagger$, Han and \textbf{Zhou}, \textbf{Xun}},
  journal={ACM Transactions on Intelligent Systems and Technology (TIST)},
  volume={12},
  number={5},
  pages={1--26},
  year={2021},
  publisher={ACM New York, NY}
}

@inproceedings{zhang2021deep,
  title={Deep incremental rnn for learning sequential data: A lyapunov stable dynamical system},
  author={Zhang, Ziming and Wu, Guojun and Li, Yanhua and Yue, Yun and \textbf{Zhou}, \textbf{Xun}},
  booktitle={2021 IEEE International Conference on Data Mining (ICDM)},
  pages={966--975},
  year={2021},
  organization={IEEE}
}

@inproceedings{zhang2021dac,
  title={DAC-ML: Domain Adaptable Continuous Meta-Learning for Urban Dynamics Prediction},
  author={Zhang, Xin and Li, Yanhua and \textbf{Zhou}, \textbf{Xun} and Mangoubi, Oren and Zhang, Ziming and Filardi, Vincent and Luo, Jun},
  booktitle={International Conference on Data Mining},
  year={2021}
}

@inproceedings{zhang2021c,
  title={C 3-GAN: Complex-Condition-Controlled Urban Traffic Estimation through Generative Adversarial Networks},
  author={Zhang$^{+}$, Yingxue and Li, Yanhua and \textbf{Zhou}, \textbf{Xun} and Liu, Zhenming and Luo, Jun},
  booktitle={International Conference on Data Mining},
  year={2021}
}

@article{zhang2022urban,
  title={Urban traffic dynamics prediction—a continuous spatial-temporal meta-learning approach},
  author={Zhang$^{+}$, Yingxue and Li, Yanhua and \textbf{Zhou}, \textbf{Xun} and Luo, Jun and Zhang, Zhi-Li},
  journal={ACM Transactions on Intelligent Systems and Technology (TIST)},
  volume={13},
  number={2},
  pages={1--19},
  year={2022},
  publisher={ACM New York, NY}
}

@article{bao2022covid,
  title={COVID-GAN+: Estimating human mobility responses to COVID-19 through spatio-temporal generative adversarial networks with enhanced features},
  author={Bao$^\dagger$, Han and \textbf{Zhou}, \textbf{Xun} and Xie, Yiqun and Zhang$^{+}$, Yingxue and Li, Yanhua},
  journal={ACM Transactions on Intelligent Systems and Technology (TIST)},
  volume={13},
  number={2},
  pages={1--23},
  year={2022},
  publisher={ACM New York, NY}
}

@article{li2022graph,
  title={Graph Neural Networks in Urban Intelligence},
  author={Li, Yanhua and \textbf{Zhou}, \textbf{Xun} and Pan$^+$, Menghai},
  journal={Graph Neural Networks: Foundations, Frontiers, and Applications},
  pages={579--593},
  year={2022},
  publisher={Springer Singapore}
}

@inproceedings{xie2021statistically,
  title={A statistically-guided deep network transformation and moderation framework for data with spatial heterogeneity},
  author={Xie, Yiqun and He, Erhu and Jia, Xiaowei and Bao$^\dagger$, Han and \textbf{Zhou}, \textbf{Xun} and Ghosh, Rahul and Ravirathinam, Praveen},
  booktitle={2021 IEEE International Conference on Data Mining (ICDM)},
  pages={767--776},
  year={2021},
  organization={IEEE}
}

@inproceedings{vahedian2021precise,
  title={Precise Bayes Classifier: Summary of Results},
  author={Vahedian$^\dagger$, Amin and \textbf{Zhou}, \textbf{Xun}},
  booktitle={2021 IEEE International Conference on Data Mining (ICDM)},
  pages={649--658},
  year={2021},
  organization={IEEE}
}

@misc{gao2019proceedings,
  title={Proceedings of the 3rd ACM SIGSPATIAL International Workshop on AI for Geographic Knowledge Discovery},
  author={Gao, Song and Newsam, Shawn and Zhao, Liang and Lunga, Dalton and Hu, Yingjie and Martins, Bruno and \textbf{Zhou}, \textbf{Xun} and Chen, Feng},
  year={2019},
  publisher={ACM}
}

@article{zhou2010spatial,
  title={Spatial Outlier Detection in Wireless Sensor Network},
  author={\textbf{Zhou}, \textbf{Xun} and Sarwat, Mohamed},
  year={2010}
}

@misc{magdy2018proceedings,
  title={Proceedings of the 2nd ACM SIGSPATIAL Workshop on Analytics for Local Events and News},
  author={Magdy, Amr and \textbf{Zhou}, \textbf{Xun} and Zhao, Liang and Huang, Yan},
  year={2018},
  publisher={ACM}
}

@inproceedings{an2022hintnet,
  title={HintNet: Hierarchical Knowledge Transfer Networks for Traffic Accident Forecasting on Heterogeneous Spatio-Temporal Data},
  author={An$^\dagger$, Bang and Vahedian$^\dagger$, Amin and \textbf{Zhou}, \textbf{Xun} and Street, W Nick and Li, Yanhua},
  booktitle={Proceedings of the 2022 SIAM International Conference on Data Mining (SDM)},
  pages={334--342},
  year={2022},
  organization={Society for Industrial and Applied Mathematics}
}

@article{wang2021analyzing,
  title={Analyzing the topology characteristic and effectiveness of the China city network},
  author={Wang, Liang and Xue, Xiaolong and \textbf{Zhou}, \textbf{Xun} and Wang, Zeyu and Liu, Rui},
  journal={Environment and Planning B: Urban Analytics and City Science},
  volume={48},
  number={9},
  pages={2554--2573},
  year={2021},
  publisher={SAGE Publications Sage UK: London, England}
}

@misc{zhou2017spatiotemporal,
  title={Spatiotemporal Change Footprint Pattern Discovery.},
  author={\textbf{Zhou}, \textbf{Xun} and Shekhar, Shashi and Ali, Reem Y},
  year={2017}
}

@article{mcdermott2015interesting,
  title={Interesting spatio-temporal region discovery computations over GPU and MapReduce platforms},
  author={McDermott, Michael and Prasad, Sushil K and Shekhar, Shashi and \textbf{Zhou}, \textbf{Xun}},
  journal={ISPRS Annals of the Photogrammetry, Remote Sensing and Spatial Information Sciences},
  volume={2},
  pages={35--41},
  year={2015},
  publisher={Copernicus GmbH}
}

@inproceedings{xie2022statistically,
  title={Statistically-Guided Deep Network Transformation to Harness Heterogeneity in Space},
  author={Xie, Yiqun and He, Erhu and Jia, Xiaowei and Bao$^\dagger$, Han and \textbf{Zhou}, \textbf{Xun} and Ghosh, Rahul and Ravirathinam, Praveen},
  booktitle={IJCAI},
  year={2022}
}

@inproceedings{jiang2022deepspatial,
  title={DeepSpatial'22: The 3rd International Workshop on Deep Learning for Spatiotemporal Data, Applications, and Systems},
  author={Jiang, Zhe and Zhao, Liang and \textbf{Zhou}, \textbf{Xun} and Stewart, Robert N and Zhang, Junbo and Shekhar, Shashi and Ye, Jieping},
  booktitle={Proceedings of the 28th ACM SIGKDD Conference on Knowledge Discovery and Data Mining},
  pages={4878--4879},
  year={2022}
}

@inproceedings{ding2022egospeed,
  title={EgoSpeed-net: forecasting speed-control in driver behavior from egocentric video data},
  author={Ding$^\dagger$, Yichen and Zhang, Ziming and Li, Yanhua and \textbf{Zhou}, \textbf{Xun}},
  booktitle={Proceedings of the 30th International Conference on Advances in Geographic Information Systems},
  pages={1--10},
  year={2022}
}

@article{ragodos2022protox,
  title={ProtoX: Explaining a Reinforcement Learning Agent via Prototyping},
  author={Ragodos, Ronilo and Wang, Tong and Lin, Qihang and \textbf{Zhou}, \textbf{Xun}},
  journal={Advances in Neural Information Processing Systems},
  volume={35},
  pages={27239--27252},
  year={2022}
}

@inproceedings{zhang2022strans,
  title={STrans-GAN: Spatially-Transferable Generative Adversarial Networks for Urban Traffic Estimation},
  author={Zhang$^{+}$, Yingxue and Li, Yanhua and \textbf{Zhou}, \textbf{Xun} and Kong, Xiangnan and Luo, Jun},
  booktitle={2022 IEEE International Conference on Data Mining (ICDM)},
  pages={743--752},
  year={2022},
  organization={IEEE}
}

@inproceedings{zhang2022mest,
  title={Mest-GAN: Cross-City Urban Traffic Estimation with Me ta S patial-T emporal G enerative A dversarial N etworks},
  author={Zhang$^{+}$, Yingxue and Li, Yanhua and \textbf{Zhou}, \textbf{Xun} and Luo, Jun},
  booktitle={2022 IEEE International Conference on Data Mining (ICDM)},
  pages={733--742},
  year={2022},
  organization={IEEE}
}

@inproceedings{he2022sailing,
  title={Sailing in the location-based fairness-bias sphere},
  author={He, Erhu and Xie, Yiqun and Jia, Xiaowei and Chen, Weiye and Bao$^\dagger$, Han and \textbf{Zhou}, \textbf{Xun} and Jiang, Zhe and Ghosh, Rahul and Ravirathinam, Praveen},
  booktitle={Proceedings of the 30th International Conference on Advances in Geographic Information Systems},
  pages={1--10},
  year={2022}
}

@inproceedings{wu2023learning,
  title={Learning Lightweight Neural Networks via Channel-Split Recurrent Convolution},
  author={Wu, Guojun and Zhang, Xin and Zhang, Ziming and Li, Yanhua and \textbf{Zhou}, \textbf{Xun} and Brinton, Christopher and Liu, Zhenming},
  booktitle={Proceedings of the IEEE/CVF Winter Conference on Applications of Computer Vision},
  pages={3858--3868},
  year={2023}
}

@inproceedings{zhang2023stm,
  title={STM-GAIL: Spatial-Temporal Meta-GAIL for Learning Diverse Human Driving Strategies},
  author={Zhang$^{+}$, Yingxue and Li, Yanhua and \textbf{Zhou}, \textbf{Xun} and Zhang, Ziming and Luo, Jun},
  booktitle={Proceedings of the 2023 SIAM International Conference on Data Mining (SDM)},
  pages={208--216},
  year={2023},
  organization={Society for Industrial and Applied Mathematics}
}

@article{zhou2021novel,
  title={A novel and sensitive Cu2ZnSnS4 quantum dot--based non--enzymatic glucose sensor},
  author={\textbf{Zhou}, \textbf{Xun} and Gu, Xiaoting and Chen, Ziyan and Wu, Yongxiang and Xu, Wen and Bao, Jie},
  journal={Sensors and Actuators B: Chemical},
  volume={329},
  pages={129117},
  year={2021},
  publisher={Elsevier}
}

@inproceedings{bao2022storm,
  title={STORM-GAN: Spatio-Temporal Meta-GAN for Cross-City Estimation of Human Mobility Responses to COVID-19},
  author={Bao$^\dagger$, Han and \textbf{Zhou}, \textbf{Xun} and Xie, Yiqun and Li, Yanhua and Jia, Xiaowei},
  booktitle={2022 IEEE International Conference on Data Mining (ICDM)},
  pages={1--10},
  year={2022},
  organization={IEEE}
}

@article{xie2023harnessing,
  title={Harnessing heterogeneity in space with statistically guided meta-learning},
  author={Xie, Yiqun and Chen, Weiye and He, Erhu and Jia, Xiaowei and Bao$^\dagger$, Han and \textbf{Zhou}, \textbf{Xun} and Ghosh, Rahul and Ravirathinam, Praveen},
  journal={Knowledge and information systems},
  volume={65},
  number={6},
  pages={2699--2729},
  year={2023},
  publisher={Springer London London}
}

@article{baoicdm,
  title={ICDM 2022},
  author={Bao$^\dagger$, Han and \textbf{Zhou}, \textbf{Xun} and Bu, Chenyang and Zhang, Jiawei and Wu, Xindong}
}

@article{ragodosexplaining,
  title={Explaining a Reinforcement Learning Agent via Prototyping-Supplementary Material},
  author={Ragodos, Ronilo J and Wang, Tong and Lin, Qihang and \textbf{Zhou}, \textbf{Xun}}
}

@article{xiong2023detecting,
  title={Detecting spatiotemporal propagation patterns of traffic congestion from fine-grained vehicle trajectory data},
  author={Xiong$^\dagger$, Haoyi and \textbf{Zhou}, \textbf{Xun} and Bennett, David A},
  journal={International Journal of Geographical Information Science},
  volume={37},
  number={5},
  pages={1157--1179},
  year={2023},
  publisher={Taylor \& Francis}
}

@article{bao2023understanding,
  title={Understanding children's cycling route selection through spatial trajectory data mining},
  author={Bao$^\dagger$, Han and \textbf{Zhou}, \textbf{Xun} and Hamann, Cara and Spears, Steven},
  journal={Transportation research interdisciplinary perspectives},
  volume={20},
  pages={100855},
  year={2023},
  publisher={Elsevier}
}

@inproceedings{hu2023st,
  title={ST-iFGSM: Enhancing Robustness of Human Mobility Signature Identification Model via Spatial-Temporal Iterative FGSM},
  author={Hu, Mingzhi and Zhang, Xin and Li, Yanhua and \textbf{Zhou}, \textbf{Xun} and Luo, Jun},
  booktitle={the 29th SIGKDD conference on Knowledge Discovery and Data Mining (KDD 2023)},
  year={2023}
}

@inproceedings{xie2023auto,
  title={Auto-CM: Unsupervised deep learning for satellite imagery composition and cloud masking using spatio-temporal dynamics},
  author={Xie, Yiqun and Li, Zhili and Bao$^\dagger$, Han and Jia, Xiaowei and Xu, Dongkuan and \textbf{Zhou}, \textbf{Xun} and Skakun, Sergii},
  booktitle={Proceedings of the AAAI Conference on Artificial Intelligence},
  volume={37},
  number={12},
  pages={14575--14583},
  year={2023}
}

@article{bao2023storm,
  title={STORM-GAN+: spatio-temporal meta-GAN for cross-city estimation of heterogeneous human mobility responses to COVID-19},
  author={Bao$^\dagger$, Han and \textbf{Zhou}, \textbf{Xun} and Xie, Yiqun and Li, Yanhua and Jia, Xiaowei},
  journal={Knowledge and Information Systems},
  volume={65},
  number={11},
  pages={4759--4795},
  year={2023},
  publisher={Springer London London}
}

@article{an2024spatialrank,
  title={SpatialRank: Urban Event Ranking with NDCG Optimization on Spatiotemporal Data},
  author={An$^\dagger$, Bang and \textbf{Zhou}, \textbf{Xun} and Zhong, Yongjian and Yang, Tianbao},
  journal={Advances in Neural Information Processing Systems},
  volume={36},
  year={2024}
}

@inproceedings{hu2023self,
  title={Self-supervised Pre-training for Robust and Generic Spatial-Temporal Representations},
  author={Hu, Mingzhi and Zhong, Zhuoyun and Zhang, Xin and Li, Yanhua and Xie, Yiqun and Jia, Xiaowei and \textbf{Zhou}, \textbf{Xun} and Luo, Jun},
  booktitle={2023 IEEE International Conference on Data Mining (ICDM)},
  pages={150--159},
  year={2023},
  organization={IEEE}
}

@inproceedings{busaranuvong2023cac,
  title={CAC: Enabling Customer-Centered Passenger-Seeking for Self-Driving Ride Service with Conservative Actor-Critic},
  author={Busaranuvong, Palawat and Zhang, Xin and Li, Yanhua and \textbf{Zhou}, \textbf{Xun} and Luo, Jun},
  booktitle={2023 IEEE International Conference on Data Mining (ICDM)},
  pages={21--30},
  year={2023},
  organization={IEEE}
}

@article{chen2024referee,
  title={Referee-Meta-Learning for Fast Adaptation of Locational Fairness},
  author={Chen, Weiye and Xie, Yiqun and Jia, Xiaowei and He, Erhu and Bao$^\dagger$, Han and An$^\dagger$, Bang and \textbf{Zhou}, \textbf{Xun}},
  journal={arXiv preprint arXiv:2402.13379},
  year={2024}
}

%%% Xiucheng's papers

@article{tedjopurnomo2021similar,
  title={Similar trajectory search with spatio-temporal deep representation learning},
  author={Tedjopurnomo, David Alexander and \textbf{Li}, \textbf{Xiucheng} and Bao, Zhifeng and Cong, Gao and Choudhury, Farhana and Qin, A Kai},
  journal={ACM Transactions on Intelligent Systems and Technology (TIST)},
  volume={12},
  number={6},
  pages={1--26},
  year={2021},
  publisher={ACM New York, NY}
}

@inproceedings{cheng2014fine,
  title={Fine-grained air quality monitoring based on gaussian process regression},
  author={Cheng, Yun and \textbf{Li}, \textbf{Xiucheng} and Li, Zhijun and Jiang, Shouxu and Jiang, Xiaofan},
  booktitle={Neural Information Processing: 21st International Conference, ICONIP 2014, Kuching, Malaysia, November 3-6, 2014. Proceedings, Part II 21},
  pages={126--134},
  year={2014},
  organization={Springer}
}

@inproceedings{li2020spatial,
  title={Spatial transition learning on road networks with deep probabilistic models},
  author={\textbf{Li}, \textbf{Xiucheng} and Cong, Gao and Cheng, Yun},
  booktitle={2020 IEEE 36th International Conference on Data Engineering (ICDE)},
  pages={349--360},
  year={2020},
  organization={IEEE}
}

@inproceedings{chen2021robust,
  title={Robust road network representation learning: When traffic patterns meet traveling semantics},
  author={Chen, Yile and \textbf{Li}, \textbf{Xiucheng} and Cong, Gao and Bao, Zhifeng and Long, Cheng and Liu, Yiding and Chandran, Arun Kumar and Ellison, Richard},
  booktitle={Proceedings of the 30th ACM International Conference on Information \& Knowledge Management},
  pages={211--220},
  year={2021}
}

@inproceedings{li2019learning,
  title={Learning travel time distributions with deep generative model},
  author={\textbf{Li}, \textbf{Xiucheng} and Cong, Gao and Sun, Aixin and Cheng, Yun},
  booktitle={The World Wide Web Conference},
  pages={1017--1027},
  year={2019}
}

@inproceedings{li2017discovering,
  title={Discovering pollution sources and propagation patterns in urban area},
  author={\textbf{Li}, \textbf{Xiucheng} and Cheng, Yun and Cong, Gao and Chen, Lisi},
  booktitle={Proceedings of the 23rd ACM SIGKDD international conference on knowledge discovery and data mining},
  pages={1863--1872},
  year={2017}
}

@article{guo2021learning,
  title={Learning dynamics and heterogeneity of spatial-temporal graph data for traffic forecasting},
  author={Guo, Shengnan and Lin, Youfang and Wan, Huaiyu and \textbf{Li}, \textbf{Xiucheng} and Cong, Gao},
  journal={IEEE Transactions on Knowledge and Data Engineering},
  volume={34},
  number={11},
  pages={5415--5428},
  year={2021},
  publisher={IEEE}
}

@inproceedings{li2018deep,
  title={Deep representation learning for trajectory similarity computation},
  author={\textbf{Li}, \textbf{Xiucheng} and Zhao, Kaiqi and Cong, Gao and Jensen, Christian S and Wei, Wei},
  booktitle={2018 IEEE 34th international conference on data engineering (ICDE)},
  pages={617--628},
  year={2018},
  organization={IEEE}
}

@inproceedings{liu2022multivariate,
  title={Multivariate Time-series Imputation with Disentangled Temporal Representations},
  author={LIU, SHUAI and \textbf{Li}, \textbf{Xiucheng} and Cong, Gao and Chen, Yile and JIANG, YUE},
  booktitle={The Eleventh International Conference on Learning Representations},
  year={2022}
}