@inproceedings{zhu2022survey,
  title={A survey on deep graph generation: Methods and applications},
  author={Zhu, Yanqiao and Du, Yuanqi and Wang, Yinkai and Xu, Yichen and Zhang, Jieyu and Liu, Qiang and Wu, Shu},
  booktitle={Learning on Graphs Conference},
  pages={47--1},
  year={2022},
  organization={PMLR}
}

@inproceedings{bojchevski2018netgan,
  title={Netgan: Generating graphs via random walks},
  author={Bojchevski, Aleksandar and Shchur, Oleksandr and Z{\"u}gner, Daniel and G{\"u}nnemann, Stephan},
  booktitle={International conference on machine learning},
  pages={610--619},
  year={2018},
  organization={PMLR}
}

@article{guo2022systematic,
  title={A systematic survey on deep generative models for graph generation},
  author={Guo, Xiaojie and Zhao, Liang},
  journal={IEEE Transactions on Pattern Analysis and Machine Intelligence},
  volume={45},
  number={5},
  pages={5370--5390},
  year={2022},
  publisher={IEEE}
}

@article{gao2022generative,
  title={Generative adversarial networks for spatio-temporal data: A survey},
  author={Gao, Nan and Xue, Hao and Shao, Wei and Zhao, Sichen and Qin, Kyle Kai and Prabowo, Arian and Rahaman, Mohammad Saiedur and Salim, Flora D},
  journal={ACM Transactions on Intelligent Systems and Technology (TIST)},
  volume={13},
  number={2},
  pages={1--25},
  year={2022},
  publisher={ACM New York, NY}
}

@inproceedings{zhang2020curb,
  title={Curb-gan: Conditional urban traffic estimation through spatio-temporal generative adversarial networks},
  author={Zhang, Yingxue and Li, Yanhua and Zhou, Xun and Kong, Xiangnan and Luo, Jun},
  booktitle={Proceedings of the 26th ACM SIGKDD International Conference on Knowledge Discovery \& Data Mining},
  pages={842--852},
  year={2020}
}

@article{zhang2022urban,
  title={Urban traffic dynamics predictionâ€”a continuous spatial-temporal meta-learning approach},
  author={Zhang, Yingxue and Li, Yanhua and Zhou, Xun and Luo, Jun and Zhang, Zhi-Li},
  journal={ACM Transactions on Intelligent Systems and Technology (TIST)},
  volume={13},
  number={2},
  pages={1--19},
  year={2022},
  publisher={ACM New York, NY}
}

@inproceedings{klemmer2022spate,
  title={Spate-gan: Improved generative modeling of dynamic spatio-temporal patterns with an autoregressive embedding loss},
  author={Klemmer, Konstantin and Xu, Tianlin and Acciaio, Beatrice and Neill, Daniel B},
  booktitle={Proceedings of the AAAI Conference on Artificial Intelligence},
  volume={36},
  number={4},
  pages={4523--4531},
  year={2022}
}

@inproceedings{zhang2021c,
  title={C 3-GAN: Complex-Condition-Controlled Urban Traffic Estimation through Generative Adversarial Networks},
  author={Zhang, Yingxue and Li, Yanhua and Zhou, Xun and Liu, Zhenming and Luo, Jun},
  booktitle={2021 IEEE International Conference on Data Mining (ICDM)},
  pages={1505--1510},
  year={2021},
  organization={IEEE}
}

@article{wang2023automated,
  title={Automated urban planning for reimagining city configuration via adversarial learning: quantification, generation, and evaluation},
  author={Wang, Dongjie and Fu, Yanjie and Liu, Kunpeng and Chen, Fanglan and Wang, Pengyang and Lu, Chang-Tien},
  journal={ACM Transactions on Spatial Algorithms and Systems},
  volume={9},
  number={1},
  pages={1--24},
  year={2023},
  publisher={ACM New York, NY}
}

@inproceedings{zhang2022mest,
  title={Mest-GAN: Cross-City Urban Traffic Estimation with Me ta S patial-T emporal G enerative A dversarial N etworks},
  author={Zhang, Yingxue and Li, Yanhua and Zhou, Xun and Luo, Jun},
  booktitle={2022 IEEE International Conference on Data Mining (ICDM)},
  pages={733--742},
  year={2022},
  organization={IEEE}
}

@inproceedings{zhang2022strans,
  title={STrans-GAN: Spatially-Transferable Generative Adversarial Networks for Urban Traffic Estimation},
  author={Zhang, Yingxue and Li, Yanhua and Zhou, Xun and Kong, Xiangnan and Luo, Jun},
  booktitle={2022 IEEE International Conference on Data Mining (ICDM)},
  pages={743--752},
  year={2022},
  organization={IEEE}
}

@inproceedings{bao2022storm,
  title={STORM-GAN: Spatio-Temporal Meta-GAN for Cross-City Estimation of Human Mobility Responses to COVID-19},
  author={Bao, Han and Zhou, Xun and Xie, Yiqun and Li, Yanhua and Jia, Xiaowei},
  booktitle={2022 IEEE International Conference on Data Mining (ICDM)},
  pages={1--10},
  year={2022},
  organization={IEEE}
}

@article{bao2022covid,
  title={COVID-GAN+: Estimating human mobility responses to COVID-19 through spatio-temporal generative adversarial networks with enhanced features},
  author={Bao, Han and Zhou, Xun and Xie, Yiqun and Zhang, Yingxue and Li, Yanhua},
  journal={ACM Transactions on Intelligent Systems and Technology (TIST)},
  volume={13},
  number={2},
  pages={1--23},
  year={2022},
  publisher={ACM New York, NY}
}

@inproceedings{bao2020covid,
  title={Covid-gan: Estimating human mobility responses to covid-19 pandemic through spatio-temporal conditional generative adversarial networks},
  author={Bao, Han and Zhou, Xun and Zhang, Yingxue and Li, Yanhua and Xie, Yiqun},
  booktitle={Proceedings of the 28th international conference on advances in geographic information systems},
  pages={273--282},
  year={2020}
}

@article{bao2023storm,
  title={STORM-GAN+: spatio-temporal meta-GAN for cross-city estimation of heterogeneous human mobility responses to COVID-19},
  author={Bao, Han and Zhou, Xun and Xie, Yiqun and Li, Yanhua and Jia, Xiaowei},
  journal={Knowledge and Information Systems},
  volume={65},
  number={11},
  pages={4759--4795},
  year={2023},
  publisher={Springer}
}

@inproceedings{zhang2019trafficgan,
  title={TrafficGAN: Off-deployment traffic estimation with traffic generative adversarial networks},
  author={Zhang, Yingxue and Li, Yanhua and Zhou, Xun and Kong, Xiangnan and Luo, Jun},
  booktitle={2019 IEEE International Conference on Data Mining (ICDM)},
  pages={1474--1479},
  year={2019},
  organization={IEEE}
}

@article{choi2021trajgail,
  title={TrajGAIL: Generating urban vehicle trajectories using generative adversarial imitation learning},
  author={Choi, Seongjin and Kim, Jiwon and Yeo, Hwasoo},
  journal={Transportation Research Part C: Emerging Technologies},
  volume={128},
  pages={103091},
  year={2021},
  publisher={Elsevier}
}

@inproceedings{zhang2020trajgail,
  title={Trajgail: Trajectory generative adversarial imitation learning for long-term decision analysis},
  author={Zhang, Xin and Li, Yanhua and Zhou, Xun and Zhang, Ziming and Luo, Jun},
  booktitle={2020 IEEE International Conference on Data Mining (ICDM)},
  pages={801--810},
  year={2020},
  organization={IEEE}
}

@article{wang2022deep,
  title={A Deep Generative Model for Trajectory Modeling and Utilization},
  author={Wang, Yong and Li, Guoliang and Li, Kaiyu and Yuan, Haitao},
  journal={Proceedings of the VLDB Endowment},
  volume={16},
  number={4},
  pages={973--985},
  year={2022},
  publisher={VLDB Endowment}
}

@inproceedings{yuan2022activity,
  title={Activity trajectory generation via modeling spatiotemporal dynamics},
  author={Yuan, Yuan and Ding, Jingtao and Wang, Huandong and Jin, Depeng and Li, Yong},
  booktitle={Proceedings of the 28th ACM SIGKDD Conference on Knowledge Discovery and Data Mining},
  pages={4752--4762},
  year={2022}
}

@inproceedings{feng2020learning,
  title={Learning to simulate human mobility},
  author={Feng, Jie and Yang, Zeyu and Xu, Fengli and Yu, Haisu and Wang, Mudan and Li, Yong},
  booktitle={Proceedings of the 26th ACM SIGKDD international conference on knowledge discovery \& data mining},
  pages={3426--3433},
  year={2020}
}

@article{pasupathy2010generating,
  title={Generating homogeneous Poisson processes},
  author={Pasupathy, Raghu},
  journal={Wiley encyclopedia of operations research and management science},
  year={2010},
  publisher={Wiley Online Library}
}

@inproceedings{zuo2020transformer,
  title={Transformer hawkes process},
  author={Zuo, Simiao and Jiang, Haoming and Li, Zichong and Zhao, Tuo and Zha, Hongyuan},
  booktitle={International conference on machine learning},
  pages={11692--11702},
  year={2020},
  organization={PMLR}
}

@article{gonzalez2016spatio,
  title={Spatio-temporal point process statistics: a review},
  author={Gonz{\'a}lez, Jonatan A and Rodr{\'\i}guez-Cort{\'e}s, Francisco J and Cronie, Ottmar and Mateu, Jorge},
  journal={Spatial Statistics},
  volume={18},
  pages={505--544},
  year={2016},
  publisher={Elsevier}
}

@book{cressie2015statistics,
  title={Statistics for spatio-temporal data},
  author={Cressie, Noel and Wikle, Christopher K},
  year={2015},
  publisher={John Wiley \& Sons}
}

@article{brix2001spatiotemporal,
  title={Spatiotemporal prediction for log-Gaussian Cox processes},
  author={Brix, Anders and Diggle, Peter J},
  journal={Journal of the Royal Statistical Society: Series B (Statistical Methodology)},
  volume={63},
  number={4},
  pages={823--841},
  year={2001},
  publisher={Wiley Online Library}
}

@article{mohler2011self,
  title={Self-exciting point process modeling of crime},
  author={Mohler, George O and Short, Martin B and Brantingham, P Jeffrey and Schoenberg, Frederic Paik and Tita, George E},
  journal={Journal of the American Statistical Association},
  volume={106},
  number={493},
  pages={100--108},
  year={2011},
  publisher={Taylor \& Francis}
}

@inproceedings{zhang2020self,
  title={Self-attentive Hawkes process},
  author={Zhang, Qiang and Lipani, Aldo and Kirnap, Omer and Yilmaz, Emine},
  booktitle={International conference on machine learning},
  pages={11183--11193},
  year={2020},
  organization={PMLR}
}

@inproceedings{okawa2019deep,
  title={Deep mixture point processes: Spatio-temporal event prediction with rich contextual information},
  author={Okawa, Maya and Iwata, Tomoharu and Kurashima, Takeshi and Tanaka, Yusuke and Toda, Hiroyuki and Ueda, Naonori},
  booktitle={Proceedings of the 25th ACM SIGKDD International Conference on Knowledge Discovery \& Data Mining},
  pages={373--383},
  year={2019}
}

@article{yuan2023spatio,
  title={Spatio-temporal Diffusion Point Processes},
  author={Yuan, Yuan and Ding, Jingtao and Shao, Chenyang and Jin, Depeng and Li, Yong},
  journal={arXiv preprint arXiv:2305.12403},
  year={2023}
}

@article{li2018learning,
  title={Learning deep generative models of graphs},
  author={Li, Yujia and Vinyals, Oriol and Dyer, Chris and Pascanu, Razvan and Battaglia, Peter},
  journal={arXiv preprint arXiv:1803.03324},
  year={2018}
}

@article{li2021deconvolutional,
  title={Deconvolutional networks on graph data},
  author={Li, Jia and Li, Jiajin and Liu, Yang and Yu, Jianwei and Li, Yueting and Cheng, Hong},
  journal={Advances in Neural Information Processing Systems},
  volume={34},
  pages={21019--21030},
  year={2021}
}

@article{anand2018generative,
  title={Generative modeling for protein structures},
  author={Anand, Namrata and Huang, Possu},
  journal={Advances in neural information processing systems},
  volume={31},
  year={2018}
}

@article{fan2019labeled,
  title={Labeled graph generative adversarial networks},
  author={Fan, Shuangfei and Huang, Bert},
  journal={arXiv preprint arXiv:1906.03220},
  year={2019}
}

@article{ma2018constrained,
  title={Constrained generation of semantically valid graphs via regularizing variational autoencoders},
  author={Ma, Tengfei and Chen, Jie and Xiao, Cao},
  journal={Advances in Neural Information Processing Systems},
  volume={31},
  year={2018}
}

@inproceedings{niu2020permutation,
  title={Permutation invariant graph generation via score-based generative modeling},
  author={Niu, Chenhao and Song, Yang and Song, Jiaming and Zhao, Shengjia and Grover, Aditya and Ermon, Stefano},
  booktitle={International Conference on Artificial Intelligence and Statistics},
  pages={4474--4484},
  year={2020},
  organization={PMLR}
}

@inproceedings{guo2020interpretable,
  title={Interpretable deep graph generation with node-edge co-disentanglement},
  author={Guo, Xiaojie and Zhao, Liang and Qin, Zhao and Wu, Lingfei and Shehu, Amarda and Ye, Yanfang},
  booktitle={Proceedings of the 26th ACM SIGKDD international conference on knowledge discovery \& data mining},
  pages={1697--1707},
  year={2020}
}

@inproceedings{vignac2021top,
  title={Top-N: Equivariant Set and Graph Generation without Exchangeability},
  author={Vignac, Clement and Frossard, Pascal},
  booktitle={International Conference on Learning Representations},
  year={2021}
}

@inproceedings{luo2021graphdf,
  title={Graphdf: A discrete flow model for molecular graph generation},
  author={Luo, Youzhi and Yan, Keqiang and Ji, Shuiwang},
  booktitle={International Conference on Machine Learning},
  pages={7192--7203},
  year={2021},
  organization={PMLR}
}

@inproceedings{jin2020hierarchical,
  title={Hierarchical generation of molecular graphs using structural motifs},
  author={Jin, Wengong and Barzilay, Regina and Jaakkola, Tommi},
  booktitle={International conference on machine learning},
  pages={4839--4848},
  year={2020},
  organization={PMLR}
}

@inproceedings{you2018graphrnn,
  title={Graphrnn: Generating realistic graphs with deep auto-regressive models},
  author={You, Jiaxuan and Ying, Rex and Ren, Xiang and Hamilton, William and Leskovec, Jure},
  booktitle={International conference on machine learning},
  pages={5708--5717},
  year={2018},
  organization={PMLR}
}

@article{zhang2019d,
  title={D-vae: A variational autoencoder for directed acyclic graphs},
  author={Zhang, Muhan and Jiang, Shali and Cui, Zhicheng and Garnett, Roman and Chen, Yixin},
  journal={Advances in Neural Information Processing Systems},
  volume={32},
  year={2019}
}

@article{liao2019efficient,
  title={Efficient graph generation with graph recurrent attention networks},
  author={Liao, Renjie and Li, Yujia and Song, Yang and Wang, Shenlong and Hamilton, Will and Duvenaud, David K and Urtasun, Raquel and Zemel, Richard},
  journal={Advances in neural information processing systems},
  volume={32},
  year={2019}
}

@inproceedings{du2022disentangled,
  title={Disentangled spatiotemporal graph generative models},
  author={Du, Yuanqi and Guo, Xiaojie and Cao, Hengning and Ye, Yanfang and Zhao, Liang},
  booktitle={Proceedings of the AAAI Conference on Artificial Intelligence},
  volume={36},
  number={6},
  pages={6541--6549},
  year={2022}
}

@inproceedings{ling2022stgen,
  title={Stgen: Deep continuous-time spatiotemporal graph generation},
  author={Ling, Chen and Cao, Hengning and Zhao, Liang},
  booktitle={Joint European Conference on Machine Learning and Knowledge Discovery in Databases},
  pages={340--356},
  year={2022},
  organization={Springer}
}

@inproceedings{du2022disentangled,
  title={Disentangled spatiotemporal graph generative models},
  author={Du, Yuanqi and Guo, Xiaojie and Cao, Hengning and Ye, Yanfang and Zhao, Liang},
  booktitle={Proceedings of the AAAI Conference on Artificial Intelligence},
  volume={36},
  number={6},
  pages={6541--6549},
  year={2022}
}

@inproceedings{zhang2021disentangled,
  title={Disentangled dynamic graph deep generation},
  author={Zhang, Wenbin and Zhang, Liming and Pfoser, Dieter and Zhao, Liang},
  booktitle={Proceedings of the 2021 SIAM International Conference on Data Mining (SDM)},
  pages={738--746},
  year={2021},
  organization={SIAM}
}

@inproceedings{zhou2020data,
  title={A data-driven graph generative model for temporal interaction networks},
  author={Zhou, Dawei and Zheng, Lecheng and Han, Jiawei and He, Jingrui},
  booktitle={Proceedings of the 26th ACM SIGKDD International Conference on Knowledge Discovery \& Data Mining},
  pages={401--411},
  year={2020}
}

@inproceedings{simonovsky2018graphvae,
  title={Graphvae: Towards generation of small graphs using variational autoencoders},
  author={Simonovsky, Martin and Komodakis, Nikos},
  booktitle={Artificial Neural Networks and Machine Learning--ICANN 2018: 27th International Conference on Artificial Neural Networks, Rhodes, Greece, October 4-7, 2018, Proceedings, Part I 27},
  pages={412--422},
  year={2018},
  organization={Springer}
}

@article{guo2022deep,
  title={Deep graph translation},
  author={Guo, Xiaojie and Wu, Lingfei and Zhao, Liang},
  journal={IEEE Transactions on Neural Networks and Learning Systems},
  year={2022},
  publisher={IEEE}
}

@article{yang2019conditional,
  title={Conditional structure generation through graph variational generative adversarial nets},
  author={Yang, Carl and Zhuang, Peiye and Shi, Wenhan and Luu, Alan and Li, Pan},
  journal={Advances in neural information processing systems},
  volume={32},
  year={2019}
}

@article{lim2020scaffold,
  title={Scaffold-based molecular design with a graph generative model},
  author={Lim, Jaechang and Hwang, Sang-Yeon and Moon, Seokhyun and Kim, Seungsu and Kim, Woo Youn},
  journal={Chemical science},
  volume={11},
  number={4},
  pages={1153--1164},
  year={2020},
  publisher={Royal Society of Chemistry}
}

@article{li2020dirichlet,
  title={Dirichlet graph variational autoencoder},
  author={Li, Jia and Yu, Jianwei and Li, Jiajin and Zhang, Honglei and Zhao, Kangfei and Rong, Yu and Cheng, Hong and Huang, Junzhou},
  journal={Advances in Neural Information Processing Systems},
  volume={33},
  pages={5274--5283},
  year={2020}
}

@article{maziarka2020mol,
  title={Mol-CycleGAN: a generative model for molecular optimization},
  author={Maziarka, {\L}ukasz and Pocha, Agnieszka and Kaczmarczyk, Jan and Rataj, Krzysztof and Danel, Tomasz and Warcho{\l}, Micha{\l}},
  journal={Journal of Cheminformatics},
  volume={12},
  number={1},
  pages={1--18},
  year={2020},
  publisher={BioMed Central}
}

@inproceedings{lee2023exploring,
  title={Exploring chemical space with score-based out-of-distribution generation},
  author={Lee, Seul and Jo, Jaehyeong and Hwang, Sung Ju},
  booktitle={International Conference on Machine Learning},
  pages={18872--18892},
  year={2023},
  organization={PMLR}
}

@article{vignac2022digress,
  title={Digress: Discrete denoising diffusion for graph generation},
  author={Vignac, Clement and Krawczuk, Igor and Siraudin, Antoine and Wang, Bohan and Cevher, Volkan and Frossard, Pascal},
  journal={arXiv preprint arXiv:2209.14734},
  year={2022}
}

@article{mercado2021graph,
  title={Graph networks for molecular design},
  author={Mercado, Roc{\'\i}o and Rastemo, Tobias and Lindel{\"o}f, Edvard and Klambauer, G{\"u}nter and Engkvist, Ola and Chen, Hongming and Bjerrum, Esben Jannik},
  journal={Machine Learning: Science and Technology},
  volume={2},
  number={2},
  pages={025023},
  year={2021},
  publisher={IOP Publishing}
}

@inproceedings{yu2018spatio,
  title={Spatio-temporal graph convolutional networks: a deep learning framework for traffic forecasting},
  author={Yu, Bing and Yin, Haoteng and Zhu, Zhanxing},
  booktitle={Proceedings of the 27th International Joint Conference on Artificial Intelligence},
  pages={3634--3640},
  year={2018}
}

@inproceedings{Guo19attention,
  author       = {Shengnan Guo and
                  Youfang Lin and
                  Ning Feng and
                  Chao Song and
                  Huaiyu Wan},
  title        = {Attention Based Spatial-Temporal Graph Convolutional Networks for
                  Traffic Flow Forecasting},
  booktitle    = {Proc. The Thirty-Third {AAAI} Conference on Artificial Intelligence, {AAAI}
                  2019},
  pages        = {922--929},
  publisher    = {{AAAI} Press},
  year         = {2019}
}

@inproceedings{dai2020hybrid,
  title={Hybrid spatio-temporal graph convolutional network: Improving traffic prediction with navigation data},
  author={Dai, Rui and Xu, Shenkun and Gu, Qian and Ji, Chenguang and Liu, Kaikui},
  booktitle={Proceedings of the 26th acm sigkdd international conference on knowledge discovery \& data mining},
  pages={3074--3082},
  year={2020}
}
@inproceedings{li2021spatial,
  title={Spatial-temporal fusion graph neural networks for traffic flow forecasting},
  author={Li, Mengzhang and Zhu, Zhanxing},
  booktitle={Proceedings of the AAAI conference on artificial intelligence},
  volume={35},
  number={5},
  pages={4189--4196},
  year={2021}
}

@inproceedings{diao2019dynamic,
  title={Dynamic spatial-temporal graph convolutional neural networks for traffic forecasting},
  author={Diao, Zulong and Wang, Xin and Zhang, Dafang and Liu, Yingru and Xie, Kun and He, Shaoyao},
  booktitle={Proceedings of the AAAI conference on artificial intelligence},
  volume={33},
  number={01},
  pages={890--897},
  year={2019}
}

@inproceedings{zhang2022dynamic,
 author = {Zhang, Zeyang and Wang, Xin and Zhang, Ziwei and Li, Haoyang and Qin, Zhou and Zhu, Wenwu},
 booktitle = {Advances in Neural Information Processing Systems},
 editor = {S. Koyejo and S. Mohamed and A. Agarwal and D. Belgrave and K. Cho and A. Oh},
 pages = {6074--6089},
 publisher = {Curran Associates, Inc.},
 title = {Dynamic Graph Neural Networks Under Spatio-Temporal Distribution Shift},
 url = {https://proceedings.neurips.cc/paper_files/paper/2022/file/2857242c9e97de339ce642e75b15ff24-Paper-Conference.pdf},
 volume = {35},
 year = {2022}
}

@inproceedings{chen2019gated,
  title={Gated residual recurrent graph neural networks for traffic prediction},
  author={Chen, Cen and Li, Kenli and Teo, Sin G and Zou, Xiaofeng and Wang, Kang and Wang, Jie and Zeng, Zeng},
  booktitle={Proceedings of the AAAI conference on artificial intelligence},
  volume={33},
  number={01},
  pages={485--492},
  year={2019}
}

@inproceedings{jiang2023spatio,
  title={Spatio-temporal meta-graph learning for traffic forecasting},
  author={Jiang, Renhe and Wang, Zhaonan and Yong, Jiawei and Jeph, Puneet and Chen, Quanjun and Kobayashi, Yasumasa and Song, Xuan and Fukushima, Shintaro and Suzumura, Toyotaro},
  booktitle={Proceedings of the AAAI conference on artificial intelligence},
  volume={37},
  number={7},
  pages={8078--8086},
  year={2023}
}

@inproceedings{zheng2020gman,
  title={Gman: A graph multi-attention network for traffic prediction},
  author={Zheng, Chuanpan and Fan, Xiaoliang and Wang, Cheng and Qi, Jianzhong},
  booktitle={Proceedings of the AAAI conference on artificial intelligence},
  volume={34},
  number={01},
  pages={1234--1241},
  year={2020}
}

@article{cini2023taming,
  title={Taming Local Effects in Graph-based Spatiotemporal Forecasting},
  author={Cini, Andrea and Marisca, Ivan and Zambon, Daniele and Alippi, Cesare},
  journal={arXiv preprint arXiv:2302.04071},
  year={2023}
}

@article{bai2020adaptive,
  title={Adaptive graph convolutional recurrent network for traffic forecasting},
  author={Bai, Lei and Yao, Lina and Li, Can and Wang, Xianzhi and Wang, Can},
  journal={Advances in neural information processing systems},
  volume={33},
  pages={17804--17815},
  year={2020}
}

@inproceedings{zhang2021traffic,
  title={Traffic flow forecasting with spatial-temporal graph diffusion network},
  author={Zhang, Xiyue and Huang, Chao and Xu, Yong and Xia, Lianghao and Dai, Peng and Bo, Liefeng and Zhang, Junbo and Zheng, Yu},
  booktitle={Proceedings of the AAAI conference on artificial intelligence},
  volume={35},
  number={17},
  pages={15008--15015},
  year={2021}
}

@inproceedings{chai2018bike,
  title={Bike flow prediction with multi-graph convolutional networks},
  author={Chai, Di and Wang, Leye and Yang, Qiang},
  booktitle={Proceedings of the 26th ACM SIGSPATIAL international conference on advances in geographic information systems},
  pages={397--400},
  year={2018}
}

@inproceedings{geng2019spatiotemporal,
  title={Spatiotemporal multi-graph convolution network for ride-hailing demand forecasting},
  author={Geng, Xu and Li, Yaguang and Wang, Leye and Zhang, Lingyu and Yang, Qiang and Ye, Jieping and Liu, Yan},
  booktitle={Proceedings of the AAAI conference on artificial intelligence},
  volume={33},
  number={01},
  pages={3656--3663},
  year={2019}
}

@inproceedings{ye2021coupled,
  title={Coupled layer-wise graph convolution for transportation demand prediction},
  author={Ye, Junchen and Sun, Leilei and Du, Bowen and Fu, Yanjie and Xiong, Hui},
  booktitle={Proceedings of the AAAI conference on artificial intelligence},
  volume={35},
  number={5},
  pages={4617--4625},
  year={2021}
}

@article{jin2023spatio,
  title = {Spatio-Temporal Graph Neural Networks for Predictive Learning in Urban Computing: A Survey},
  author = {Jin, Guangyin and Liang*, Yuxuan and Fang, Yuchen and Huang, Jincai and Zhang, Junbo and Zheng, Yu},
  journal = {IEEE Transactions on Knowledge and Data Engineering},
  year = {2023},
  publisher = {IEEE}
}

@article{hu2023graph,
  title={Graph Neural Processes for Spatio-Temporal Extrapolation},
  author={Hu, Junfeng and Liang, Yuxuan and Fan, Zhencheng and Chen, Hongyang and Zheng, Yu and Zimmermann, Roger},
  journal={arXiv preprint arXiv:2305.18719},
  year={2023}
}

@inproceedings{wen2023diffstg,
  title = {DiffSTG: Probabilistic Spatio-Temporal Graph Forecasting with Denoising Diffusion Models},
  author = {Wen, Haomin and Lin, Youfang and Xia, Yutong and Wan, Huaiyu and Wen, Qingsong and Zimmermann, Roger and Liang*, Yuxuan},
  booktitle = {Proceedings of the 31st International Conference on Advances in Geographic Information Systems},
  year = {2023}
}

@inproceedings{zhou2023maintaining,
  title = {Maintaining the Status Quo: Capturing Invariant Relations for OOD Spatiotemporal Learning},
  author = {Zhou, Zhengyang and Huang, Qihe and Yang, Kuo and Wang, Kun and Wang, Xu and Zhang, Yudong and Liang, Yuxuan and Wang, Yang},
  booktitle = {Proceedings of the 29th ACM SIGKDD Conference on Knowledge Discovery and Data Mining},
  year = {2023}
}

@inproceedings{choi2022graph,
  title={Graph neural controlled differential equations for traffic forecasting},
  author={Choi, Jeongwhan and Choi, Hwangyong and Hwang, Jeehyun and Park, Noseong},
  booktitle={Proceedings of the AAAI Conference on Artificial Intelligence},
  volume={36},
  number={6},
  pages={6367--6374},
  year={2022}
}

@inproceedings{ji2022stden,
  title={STDEN: Towards physics-guided neural networks for traffic flow prediction},
  author={Ji, Jiahao and Wang, Jingyuan and Jiang, Zhe and Jiang, Jiawei and Zhang, Hu},
  booktitle={Proceedings of the AAAI Conference on Artificial Intelligence},
  volume={36},
  number={4},
  pages={4048--4056},
  year={2022}
}

@article{tobler1970computer,
  title={A computer movie simulating urban growth in the Detroit region},
  author={Tobler, Waldo R},
  journal={Economic geography},
  volume={46},
  number={sup1},
  pages={234--240},
  year={1970},
  publisher={Taylor \& Francis}
}

@article{goodchild2004validity,
  title={The validity and usefulness of laws in geographic information science and geography},
  author={Goodchild, Michael F},
  journal={Annals of the Association of American Geographers},
  volume={94},
  number={2},
  pages={300--303},
  year={2004},
  publisher={Taylor \& Francis}
}

@inproceedings{li1994markov,
  title={Markov random field models in computer vision},
  author={Li, Stan Z},
  booktitle={Computer Visionâ€”ECCV'94: Third European Conference on Computer Vision Stockholm, Sweden, May 2--6 1994 Proceedings, Volume II 3},
  pages={361--370},
  year={1994},
  organization={Springer}
}

@inproceedings{li1994markov,
  title={Markov random field models in computer vision},
  author={Li, Stan Z},
  booktitle={Computer Visionâ€”ECCV'94: Third European Conference on Computer Vision Stockholm, Sweden, May 2--6 1994 Proceedings, Volume II 3},
  pages={361--370},
  year={1994},
  organization={Springer}
}

@article{ching2006markov,
  title={Markov chains},
  author={Ching, Wai-Ki and Ng, Michael K},
  journal={Models, algorithms and applications},
  year={2006},
  publisher={Springer}
}

@article{zhao2019t,
  title={T-gcn: A temporal graph convolutional network for traffic prediction},
  author={Zhao, Ling and Song, Yujiao and Zhang, Chao and Liu, Yu and Wang, Pu and Lin, Tao and Deng, Min and Li, Haifeng},
  journal={IEEE transactions on intelligent transportation systems},
  volume={21},
  number={9},
  pages={3848--3858},
  year={2019},
  publisher={IEEE}
}
